@article{DBLP:journals/corr/PutzkyW17,
  author    = {Patrick Putzky and
               Max Welling},
  title     = {Recurrent Inference Machines for Solving Inverse Problems},
  journal   = {CoRR},
  volume    = {abs/1706.04008},
  year      = {2017},
  url       = {http://arxiv.org/abs/1706.04008},
  archivePrefix = {arXiv},
  eprint    = {1706.04008},
  timestamp = {Mon, 13 Aug 2018 16:46:19 +0200},
  biburl    = {https://dblp.org/rec/bib/journals/corr/PutzkyW17},
  bibsource = {dblp computer science bibliography, https://dblp.org}
}

@article{Satorras2019CombiningGA,
  title={Combining Generative and Discriminative Models for Hybrid Inference},
  author={V{\'i}ctor Garc{\'i}a Satorras and Zeynep Akata and M. Welling},
  journal={ArXiv},
  year={2019},
  volume={abs/1906.02547}
}

@inproceedings{VisionBasedObst,
author = {Viet, Chau and Marshall, Ian},
year = {2007},
month = {01},
pages = {275-279},
title = {Vision-based obstacle avoidance for a small, low-cost robot.}
}

@inproceedings{CameraBasedNav,
author = {Engel, Jakob and Sturm, Jurgen and Cremers, Daniel},
year = {2012},
month = {10},
pages = {2815-2821},
title = {Camera-based navigation of a low-cost quadrocopter},
isbn = {978-1-4673-1737-5},
journal = {Proceedings of the ... IEEE/RSJ International Conference on Intelligent Robots and Systems. IEEE/RSJ International Conference on Intelligent Robots and Systems},
doi = {10.1109/IROS.2012.6385458}
}

@article{FigureFlying,
author = {Engel, Jakob and Sturm, Jürgen and Cremers, Daniel},
year = {2012},
month = {01},
pages = {},
title = {Accurate Figure Flying with a Quadrocopter Using Onboard Visual and Inertial Sensing},
volume = {320},
journal = {IMU}
}

@book{Geffner:2013:CIM:2534474,
 author = {Geffner, Hector and Bonet, Blai},
 title = {A Concise Introduction to Models and Methods for Automated Planning: Synthesis Lectures on Artificial Intelligence and Machine Learning},
 year = {2013},
 isbn = {1608459691, 9781608459698},
 edition = {1st},
 publisher = {Morgan \& Claypool Publishers},
} 

@book{Russell:2009:AIM:1671238,
 author = {Russell, Stuart and Norvig, Peter},
 title = {Artificial Intelligence: A Modern Approach},
 year = {2009},
 isbn = {0136042597, 9780136042594},
 edition = {3rd},
 publisher = {Prentice Hall Press},
 address = {Upper Saddle River, NJ, USA},
}

@misc{dji:OSDK, 
 title={Onboard SDK Overview}, 
 author={DJI},
 howpublished={\url{https://developer.dji.com/onboard-sdk/}}
}

@misc{caochao39, 
 title={caochao39 on GitHub hku\_m100\_gazebo}, 
 howpublished={\url{https://github.com/caochao39/hku_m100_gazebo}}, 
 journal={GitHub}, 
 author={caochao39}
}

@misc{kose_2019, 
 title={Implementing DJI M100 Emulator in ROS-Gazebo for Hardware In The Loop}, 
 howpublished={\url{https://medium.com/@tahsincankose/implementing-dji-m100-emulator-in-ros-gazebo-for-hitl-e79f4bb077f6}}, 
 journal={Medium}, 
 publisher={Medium}, 
 author={Kose, Tahsincan}, 
 year={2019}, 
 month={May}
}

@misc{apple_machine_learning_journal_2017, 
 title={An On-device Deep Neural Network for Face Detection - Apple}, 
 howpublished={\url{https://machinelearning.apple.com/2017/11/16/face-detection.html}}, 
 journal={Apple Machine Learning Journal}, 
 year={2017}, 
 month={Nov}
 }

@inproceedings{Romero15fitnets:hints,
    author = {Adriana Romero and Samira Ebrahimi Kahou and Polytechnique Montréal and Y. Bengio and Université De Montréal and Adriana Romero and Nicolas Ballas and Samira Ebrahimi Kahou and Antoine Chassang and Carlo Gatta and Yoshua Bengio},
    title = {Fitnets: Hints for thin deep nets},
    booktitle = {in International Conference on Learning Representations (ICLR},
    year = {2015}
}

@article{FusingVisInertial,
author = {Alenyà, Guillem and Martínez, Elisa and Torras, Carme},
year = {2004},
month = {01},
pages = {23-32},
title = {Fusing Visual and Inertial Sensing to Recover Robot Ego-motion},
volume = {21},
journal = {J. Field Robotics},
doi = {10.1002/rob.10125}
}

