@article{DBLP:journals/corr/PutzkyW17,
  author    = {Patrick Putzky and
               Max Welling},
  title     = {Recurrent Inference Machines for Solving Inverse Problems},
  journal   = {CoRR},
  volume    = {abs/1706.04008},
  year      = {2017},
  url       = {http://arxiv.org/abs/1706.04008},
  archivePrefix = {arXiv},
  eprint    = {1706.04008},
  timestamp = {Mon, 13 Aug 2018 16:46:19 +0200},
  biburl    = {https://dblp.org/rec/bib/journals/corr/PutzkyW17},
  bibsource = {dblp computer science bibliography, https://dblp.org}
}

@article{Satorras2019CombiningGA,
  title={Combining Generative and Discriminative Models for Hybrid Inference},
  author={V{\'i}ctor Garc{\'i}a Satorras and Zeynep Akata and M. Welling},
  journal={ArXiv},
  year={2019},
  volume={abs/1906.02547}
}

@incollection{HybridInf,
title = {Combining Generative and Discriminative Models for Hybrid Inference},
author = {Garcia Satorras, Victor and Welling, Max and Akata, Zeynep},
booktitle = {Advances in Neural Information Processing Systems 32},
pages = {13802--13812},
year = {2019},
publisher = {Curran Associates, Inc.},
url = {http://papers.nips.cc/paper/9532-combining-generative-and-discriminative-models-for-hybrid-inference.pdf}
}

@inproceedings{VisionBasedObst,
author = {Viet, Chau and Marshall, Ian},
year = {2007},
month = {01},
pages = {275-279},
title = {Vision-based obstacle avoidance for a small, low-cost robot.}
}

@article{Engel:FigureFlying,
author = {Engel, Jakob and Sturm, Jürgen and Cremers, Daniel},
year = {2012},
month = {01},
pages = {},
title = {Accurate Figure Flying with a Quadrocopter Using Onboard Visual and Inertial Sensing},
volume = {320},
journal = {IMU}
}

@inproceedings{Engel:Camera-basedNav,
author = {Engel, Jakob and Sturm, Jurgen and Cremers, Daniel},
year = {2012},
month = {10},
pages = {2815-2821},
title = {Camera-based navigation of a low-cost quadrocopter},
isbn = {978-1-4673-1737-5},
journal = {Proceedings of the ... IEEE/RSJ International Conference on Intelligent Robots and Systems. IEEE/RSJ International Conference on Intelligent Robots and Systems},
doi = {10.1109/IROS.2012.6385458}
}

@book{Geffner:2013:CIM:2534474,
 author = {Geffner, Hector and Bonet, Blai},
 title = {A Concise Introduction to Models and Methods for Automated Planning: Synthesis Lectures on Artificial Intelligence and Machine Learning},
 year = {2013},
 isbn = {1608459691, 9781608459698},
 edition = {1st},
 publisher = {Morgan \& Claypool Publishers},
} 

@book{Russell:2009:AIM:1671238,
 author = {Russell, Stuart and Norvig, Peter},
 title = {Artificial Intelligence: A Modern Approach},
 year = {2009},
 isbn = {0136042597, 9780136042594},
 edition = {3rd},
 publisher = {Prentice Hall Press},
 address = {Upper Saddle River, NJ, USA},
}

@misc{dji:OSDK, 
 title={Onboard SDK Overview}, 
 author={DJI},
 howpublished={\url{https://developer.dji.com/onboard-sdk/}}
}

@misc{caochao39, 
 title={caochao39 on GitHub hku\_m100\_gazebo}, 
 howpublished={\url{https://github.com/caochao39/hku_m100_gazebo}}, 
 journal={GitHub}, 
 author={caochao39}
}

@misc{vgsatorrasgithub, 
 title={vgsattorras on GitHub hybrid-inference}, 
 howpublished={\url{https://github.com/vgsatorras/hybrid-inference}}, 
 journal={GitHub}, 
 author={Victor Garcia Satorras}
}

@misc{kose_2019, 
 title={Implementing DJI M100 Emulator in ROS-Gazebo for Hardware In The Loop}, 
 howpublished={\url{https://medium.com/@tahsincankose/implementing-dji-m100-emulator-in-ros-gazebo-for-hitl-e79f4bb077f6}}, 
 journal={Medium}, 
 publisher={Medium}, 
 author={Kose, Tahsincan}, 
 year={2019}, 
 month={May}
}

@misc{apple_machine_learning_journal_2017, 
 title={An On-device Deep Neural Network for Face Detection - Apple}, 
 howpublished={\url{https://machinelearning.apple.com/2017/11/16/face-detection.html}}, 
 journal={Apple Machine Learning Journal}, 
 year={2017}, 
 month={Nov}
 }

@inproceedings{Romero15fitnets:hints,
    author = {Adriana Romero and Samira Ebrahimi Kahou and Polytechnique Montréal and Y. Bengio and Université De Montréal and Adriana Romero and Nicolas Ballas and Samira Ebrahimi Kahou and Antoine Chassang and Carlo Gatta and Yoshua Bengio},
    title = {Fitnets: Hints for thin deep nets},
    booktitle = {in International Conference on Learning Representations (ICLR},
    year = {2015}
}

@article{FusingVisInertial,
author = {Alenyà, Guillem and Martínez, Elisa and Torras, Carme},
year = {2004},
month = {01},
pages = {23-32},
title = {Fusing Visual and Inertial Sensing to Recover Robot Ego-motion},
volume = {21},
journal = {J. Field Robotics},
doi = {10.1002/rob.10125}
}

@inproceedings{Kalman1960ANA,
  title={A New Approach to Linear Filtering and Prediction},
  author={Rudolf E. K{\'a}lm{\'a}n},
  year={1960}
}

@inproceedings{Klmn1961NewRI,
  title={New Results in Linear Filtering and Prediction Theory},
  author={Rudolf E. K{\'a}lm{\'a}n and Richard S. Bucy},
  year={1961}
}

@article{DBLP:journals/corr/StumbergUESC16,
  author    = {Lukas von Stumberg and
               Vladyslav C. Usenko and
               Jakob Engel and
               J{\"{o}}rg St{\"{u}}ckler and
               Daniel Cremers},
  title     = {Autonomous Exploration with a Low-Cost Quadrocopter using Semi-Dense
               Monocular {SLAM}},
  journal   = {CoRR},
  volume    = {abs/1609.07835},
  year      = {2016},
  url       = {http://arxiv.org/abs/1609.07835},
  archivePrefix = {arXiv},
  eprint    = {1609.07835},
  timestamp = {Mon, 13 Aug 2018 16:46:15 +0200},
  biburl    = {https://dblp.org/rec/bib/journals/corr/StumbergUESC16},
  bibsource = {dblp computer science bibliography, https://dblp.org}
}

@article{DBLP:journals/corr/abs-1812-08434,
  author    = {Jie Zhou and
               Ganqu Cui and
               Zhengyan Zhang and
               Cheng Yang and
               Zhiyuan Liu and
               Maosong Sun},
  title     = {Graph Neural Networks: {A} Review of Methods and Applications},
  journal   = {CoRR},
  volume    = {abs/1812.08434},
  year      = {2018},
  url       = {http://arxiv.org/abs/1812.08434},
  archivePrefix = {arXiv},
  eprint    = {1812.08434},
  timestamp = {Wed, 02 Jan 2019 14:40:18 +0100},
  biburl    = {https://dblp.org/rec/bib/journals/corr/abs-1812-08434},
  bibsource = {dblp computer science bibliography, https://dblp.org}
}

@misc{melodic/installation/ubuntu,
	title = {melodic/{Installation}/{Ubuntu} - {ROS} {Wiki}},
	howpublished={\url{http://wiki.ros.org/melodic/Installation/Ubuntu}},
	urldate = {2019-11-28},
}

@document{ExtendedKalmanNasa,
  author = {Gerald L. Smith and
            Stanley F. Schmidt and
            Leonard A. McGee},
  title = {Application of State-Space Methods to Navigation Problems},
  howpublished = {NASA Technical Report R-135},
  year = {1962}
}

@INPROCEEDINGS{NNStateEstimation,
author={N. {Yadaiah} and G. {Sowmya}},
booktitle={The 2006 IEEE International Joint Conference on Neural Network Proceedings},
title={Neural Network Based State Estimation of Dynamical Systems},
year={2006},
volume={},
number={},
pages={1042-1049},
keywords={feedforward neural nets;learning (artificial intelligence);nonlinear dynamical systems;recurrent neural nets;state estimation;state estimation;dynamical systems;nonlinear dynamic system;recurrent neural network structure;feedforward neural network;prediction error minimization;dynamic learning algorithm;Neural networks;State estimation;Recurrent neural networks;Nonlinear systems;Kalman filters;Nonlinear dynamical systems;Feedforward neural networks;Adaptive control;Control systems;Predictive models},
doi={10.1109/IJCNN.2006.246803},
ISSN={2161-4407},
month={July},}